
@article{EncodingMPS,
  title={Encoding of matrix product states into quantum circuits of one-and two-qubit gates},
  author={Ran, Shi-Ju},
  journal={Physical Review A},
  volume={101},
  number={3},
  pages={032310},
  year={2020},
  publisher={APS}
}


@inproceedings{shor1994algorithms,
  title={Algorithms for quantum computation: discrete logarithms and factoring},
  author={Shor, Peter W},
  booktitle={Proceedings 35th annual symposium on foundations of computer science},
  pages={124--134},
  year={1994},
  organization={Ieee}
}

@inproceedings{grover1996fast,
  title={A fast quantum mechanical algorithm for database search},
  author={Grover, Lov K},
  booktitle={Proceedings of the twenty-eighth annual ACM symposium on Theory of computing},
  pages={212--219},
  year={1996}
}

@article{nisq,
  title={Quantum computing in the NISQ era and beyond},
  author={Preskill, John},
  journal={Quantum},
  volume={2},
  pages={79},
  year={2018},
  publisher={Verein zur F{\"o}rderung des Open Access Publizierens in den Quantenwissenschaften}
}

@article{qml0,
  title={Quantum machine learning},
  author={Biamonte, Jacob and Wittek, Peter and Pancotti, Nicola and Rebentrost, Patrick and Wiebe, Nathan and Lloyd, Seth},
  journal={Nature},
  volume={549},
  number={7671},
  pages={195--202},
  year={2017},
  publisher={Nature Publishing Group UK London}
}

@article{qml1,
  title={Quantum circuit learning},
  author={Mitarai, Kosuke and Negoro, Makoto and Kitagawa, Masahiro and Fujii, Keisuke},
  journal={Physical Review A},
  volume={98},
  number={3},
  pages={032309},
  year={2018},
  publisher={APS}
}

@article{qml2,
  title={Quantum machine learning in feature hilbert spaces},
  author={Schuld, Maria and Killoran, Nathan},
  journal={Physical review letters},
  volume={122},
  number={4},
  pages={040504},
  year={2019},
  publisher={APS}
}

@article{q-autoencoder,
  title={Quantum autoencoders for efficient compression of quantum data},
  author={Romero, Jonathan and Olson, Jonathan P and Aspuru-Guzik, Alan},
  journal={Quantum Science and Technology},
  volume={2},
  number={4},
  pages={045001},
  year={2017},
  publisher={IOP Publishing}
}

@article{q-generative,
  title={Expressive power of parametrized quantum circuits},
  author={Du, Yuxuan and Hsieh, Min-Hsiu and Liu, Tongliang and Tao, Dacheng},
  journal={Physical Review Research},
  volume={2},
  number={3},
  pages={033125},
  year={2020},
  publisher={APS}
}

@article{q-generative2,
  title={Differentiable learning of quantum circuit born machines},
  author={Liu, Jin-Guo and Wang, Lei},
  journal={Physical Review A},
  volume={98},
  number={6},
  pages={062324},
  year={2018},
  publisher={APS}
}

@article{q-generative3,
  title={The Born supremacy: quantum advantage and training of an Ising Born machine},
  author={Coyle, Brian and Mills, Daniel and Danos, Vincent and Kashefi, Elham},
  journal={npj Quantum Information},
  volume={6},
  number={1},
  pages={60},
  year={2020},
  publisher={Nature Publishing Group UK London}
}

@article{q-gan,
  title={Variational quantum generators: Generative adversarial quantum machine learning for continuous distributions},
  author={Romero, Jonathan and Aspuru-Guzik, Al{\'a}n},
  journal={Advanced Quantum Technologies},
  volume={4},
  number={1},
  pages={2000003},
  year={2021},
  publisher={Wiley Online Library}
}

@article{q-nn,
  title={Training deep quantum neural networks},
  author={Beer, Kerstin and Bondarenko, Dmytro and Farrelly, Terry and Osborne, Tobias J and Salzmann, Robert and Scheiermann, Daniel and Wolf, Ramona},
  journal={Nature communications},
  volume={11},
  number={1},
  pages={808},
  year={2020},
  publisher={Nature Publishing Group UK London}
}

@article{vqe0,
  title={Quantum algorithm providing exponential speed increase for finding eigenvalues and eigenvectors},
  author={Abrams, Daniel S and Lloyd, Seth},
  journal={Physical Review Letters},
  volume={83},
  number={24},
  pages={5162},
  year={1999},
  publisher={APS}
}

@article{vqe1,
  title={Simulated quantum computation of molecular energies},
  author={Aspuru-Guzik, Al{\'a}n and Dutoi, Anthony D and Love, Peter J and Head-Gordon, Martin},
  journal={Science},
  volume={309},
  number={5741},
  pages={1704--1707},
  year={2005},
  publisher={American Association for the Advancement of Science}
}

@article{vqe2,
  title={A variational eigenvalue solver on a photonic quantum processor},
  author={Peruzzo, Alberto and McClean, Jarrod and Shadbolt, Peter and Yung, Man-Hong and Zhou, Xiao-Qi and Love, Peter J and Aspuru-Guzik, Al{\'a}n and O’brien, Jeremy L},
  journal={Nature communications},
  volume={5},
  number={1},
  pages={4213},
  year={2014},
  publisher={Nature Publishing Group UK London}
}

@article{qaoa0,
  title={A quantum approximate optimization algorithm},
  author={Farhi, Edward and Goldstone, Jeffrey and Gutmann, Sam},
  journal={arXiv preprint arXiv:1411.4028},
  year={2014}
}

@article{qaoa1,
  title={Quantum approximate optimization algorithm for MaxCut: A fermionic view},
  author={Wang, Zhihui and Hadfield, Stuart and Jiang, Zhang and Rieffel, Eleanor G},
  journal={Physical Review A},
  volume={97},
  number={2},
  pages={022304},
  year={2018},
  publisher={APS}
}

@article{qaoa2,
  title={Quantum approximate optimization algorithm: Performance, mechanism, and implementation on near-term devices},
  author={Zhou, Leo and Wang, Sheng-Tao and Choi, Soonwon and Pichler, Hannes and Lukin, Mikhail D},
  journal={Physical Review X},
  volume={10},
  number={2},
  pages={021067},
  year={2020},
  publisher={APS}
}

@article{barrenplateau-shallow,
  title={Cost function dependent barren plateaus in shallow parametrized quantum circuits},
  author={Cerezo, Marco and Sone, Akira and Volkoff, Tyler and Cincio, Lukasz and Coles, Patrick J},
  journal={Nature communications},
  volume={12},
  number={1},
  pages={1791},
  year={2021},
  publisher={Nature Publishing Group UK London}
}

@article{barrenplateau1,
  title={Barren plateaus in quantum neural network training landscapes},
  author={McClean, Jarrod R and Boixo, Sergio and Smelyanskiy, Vadim N and Babbush, Ryan and Neven, Hartmut},
  journal={Nature communications},
  volume={9},
  number={1},
  pages={4812},
  year={2018},
  publisher={Nature Publishing Group UK London}
}

@article{barrenplateau2,
  title={Connecting ansatz expressibility to gradient magnitudes and barren plateaus},
  author={Holmes, Zo{\"e} and Sharma, Kunal and Cerezo, Marco and Coles, Patrick J},
  journal={PRX Quantum},
  volume={3},
  number={1},
  pages={010313},
  year={2022},
  publisher={APS}
}

@article{gradient-based,
  title={Higher order derivatives of quantum neural networks with barren plateaus},
  author={Cerezo, Marco and Coles, Patrick J},
  journal={Quantum Science and Technology},
  volume={6},
  number={3},
  pages={035006},
  year={2021},
  publisher={IOP Publishing}
}

@article{gradient-free,
  title={Effect of barren plateaus on gradient-free optimization},
  author={Arrasmith, Andrew and Cerezo, Marco and Czarnik, Piotr and Cincio, Lukasz and Coles, Patrick J},
  journal={Quantum},
  volume={5},
  pages={558},
  year={2021},
  publisher={Verein zur F{\"o}rderung des Open Access Publizierens in den Quantenwissenschaften}
}

@article{barren-generic0,
  title={Barren plateaus preclude learning scramblers},
  author={Holmes, Zo{\"e} and Arrasmith, Andrew and Yan, Bin and Coles, Patrick J and Albrecht, Andreas and Sornborger, Andrew T},
  journal={Physical Review Letters},
  volume={126},
  number={19},
  pages={190501},
  year={2021},
  publisher={APS}
}

@article{barren-generic1,
  title={Trainability of dissipative perceptron-based quantum neural networks},
  author={Sharma, Kunal and Cerezo, Marco and Cincio, Lukasz and Coles, Patrick J},
  journal={Physical Review Letters},
  volume={128},
  number={18},
  pages={180505},
  year={2022},
  publisher={APS}
}

@article{barren-generic2,
  title={Entanglement-induced barren plateaus},
  author={Ortiz Marrero, Carlos and Kieferov{\'a}, M{\'a}ria and Wiebe, Nathan},
  journal={PRX Quantum},
  volume={2},
  number={4},
  pages={040316},
  year={2021},
  publisher={APS}
}

@article{MPSsupervised,
  title={Supervised learning with tensor networks},
  author={Stoudenmire, Edwin and Schwab, David J},
  journal={Advances in neural information processing systems},
  volume={29},
  year={2016}
}

@article{MPSgenerative,
  title={Unsupervised generative modeling using matrix product states},
  author={Han, Zhao-Yu and Wang, Jun and Fan, Heng and Wang, Lei and Zhang, Pan},
  journal={Physical Review X},
  volume={8},
  number={3},
  pages={031012},
  year={2018},
  publisher={APS}
}

@article{dmrg,
  title={Density matrix formulation for quantum renormalization groups},
  author={White, Steven R},
  journal={Physical review letters},
  volume={69},
  number={19},
  pages={2863},
  year={1992},
  publisher={APS}
}

@article{tebd,
  title={Efficient classical simulation of slightly entangled quantum computations},
  author={Vidal, Guifr{\'e}},
  journal={Physical review letters},
  volume={91},
  number={14},
  pages={147902},
  year={2003},
  publisher={APS}
}

@article{dmrg-ttn,
  title={Classical simulation of quantum many-body systems with a tree tensor network},
  author={Shi, Y-Y and Duan, L-M and Vidal, Guifre},
  journal={Physical Review A—Atomic, Molecular, and Optical Physics},
  volume={74},
  number={2},
  pages={022320},
  year={2006},
  publisher={APS}
}

@article{tebd-ttn,
  title={Homogeneous binary trees as ground states of quantum critical Hamiltonians},
  author={Silvi, Pietro and Giovannetti, Vittorio and Montangero, Simone and Rizzi, Matteo and Cirac, J Ignacio and Fazio, Rosario},
  journal={Physical Review A—Atomic, Molecular, and Optical Physics},
  volume={81},
  number={6},
  pages={062335},
  year={2010},
  publisher={APS}
}

@article{chemical1,
  title={Simulating strongly correlated quantum systems with tree tensor networks},
  author={Murg, Valentin and Verstraete, Frank and Legeza, {\"O}rs and Noack, Reinhard M},
  journal={Physical Review B—Condensed Matter and Materials Physics},
  volume={82},
  number={20},
  pages={205105},
  year={2010},
  publisher={APS}
}

@article{chemical2,
  title={Three-legged tree tensor networks with SU (2) and molecular point group symmetry},
  author={Gunst, Klaas and Verstraete, Frank and Van Neck, Dimitri},
  journal={Journal of chemical theory and computation},
  volume={15},
  number={5},
  pages={2996--3007},
  year={2019},
  publisher={ACS Publications}
}

@article{condmat1,
  title={Quantum transverse-field Ising model on an infinite tree from matrix product states},
  author={Nagaj, Daniel and Farhi, Edward and Goldstone, Jeffrey and Shor, Peter and Sylvester, Igor},
  journal={Physical Review B—Condensed Matter and Materials Physics},
  volume={77},
  number={21},
  pages={214431},
  year={2008},
  publisher={APS}
}

@article{condmat2,
  title={Simulation of two-dimensional quantum systems using a tree tensor network that exploits the entropic area law},
  author={Tagliacozzo, Luca and Evenbly, Glen and Vidal, Guifr{\'e}},
  journal={Physical Review B—Condensed Matter and Materials Physics},
  volume={80},
  number={23},
  pages={235127},
  year={2009},
  publisher={APS}
}

@article{condmat3,
  title={Griffiths singularities in the random quantum Ising antiferromagnet: A tree tensor network renormalization group study},
  author={Lin, Yu-Ping and Kao, Ying-Jer and Chen, Pochung and Lin, Yu-Cheng},
  journal={Physical Review B},
  volume={96},
  number={6},
  pages={064427},
  year={2017},
  publisher={APS}
}

@article{ml1,
  title={Machine learning by unitary tensor network of hierarchical tree structure},
  author={Liu, Ding and Ran, Shi-Ju and Wittek, Peter and Peng, Cheng and Garc{\'\i}a, Raul Bl{\'a}zquez and Su, Gang and Lewenstein, Maciej},
  journal={New Journal of Physics},
  volume={21},
  number={7},
  pages={073059},
  year={2019},
  publisher={IOP Publishing}
}

@article{ml2,
  title={Tree tensor networks for generative modeling},
  author={Cheng, Song and Wang, Lei and Xiang, Tao and Zhang, Pan},
  journal={Physical Review B},
  volume={99},
  number={15},
  pages={155131},
  year={2019},
  publisher={APS}
}

@article{np-complete,
  title={On optimizing a class of multi-dimensional loops with reduction for parallel execution},
  author={Chi-Chung, Lam and Sadayappan, P and Wenger, Rephael},
  journal={Parallel Processing Letters},
  volume={7},
  number={02},
  pages={157--168},
  year={1997},
  publisher={World Scientific}
}

@article{mpsdecomp,
  title={Decomposition of matrix product states into shallow quantum circuits},
  author={Rudolph, Manuel S and Chen, Jing and Miller, Jacob and Acharya, Atithi and Perdomo-Ortiz, Alejandro},
  journal={Quantum Science and Technology},
  volume={9},
  number={1},
  pages={015012},
  year={2023},
  publisher={IOP Publishing}
}

@article{avoid-barren0,
  title={Exploring entanglement and optimization within the hamiltonian variational ansatz},
  author={Wiersema, Roeland and Zhou, Cunlu and de Sereville, Yvette and Carrasquilla, Juan Felipe and Kim, Yong Baek and Yuen, Henry},
  journal={PRX quantum},
  volume={1},
  number={2},
  pages={020319},
  year={2020},
  publisher={APS}
}

@article{avoid-barren1,
  title={An initialization strategy for addressing barren plateaus in parametrized quantum circuits},
  author={Grant, Edward and Wossnig, Leonard and Ostaszewski, Mateusz and Benedetti, Marcello},
  journal={Quantum},
  volume={3},
  pages={214},
  year={2019},
  publisher={Verein zur F{\"o}rderung des Open Access Publizierens in den Quantenwissenschaften}
}

@article{avoid-barren2,
  title={Avoiding barren plateaus with classical deep neural networks},
  author={Friedrich, Lucas and Maziero, Jonas},
  journal={Physical Review A},
  volume={106},
  number={4},
  pages={042433},
  year={2022},
  publisher={APS}
}

@article{rudolph2023synergistic,
  title={Synergistic pretraining of parametrized quantum circuits via tensor networks},
  author={Rudolph, Manuel S and Miller, Jacob and Motlagh, Danial and Chen, Jing and Acharya, Atithi and Perdomo-Ortiz, Alejandro},
  journal={Nature Communications},
  volume={14},
  number={1},
  pages={8367},
  year={2023},
  publisher={Nature Publishing Group UK London}
}

@article{mpsoptim,
  title={Automatic quantum circuit encoding of a given arbitrary quantum state},
  author={Shirakawa, Tomonori and Ueda, Hiroshi and Yunoki, Seiji},
  journal={Physical Review Research},
  volume={6},
  number={4},
  pages={043008},
  year={2024},
  publisher={APS}
}

@article{mpspreparation,
  title={Preparation of matrix product states with log-depth quantum circuits},
  author={Malz, Daniel and Styliaris, Georgios and Wei, Zhi-Yuan and Cirac, J Ignacio},
  journal={Physical Review Letters},
  volume={132},
  number={4},
  pages={040404},
  year={2024},
  publisher={APS}
}

@article{tn-qc,
  title={Simulating quantum computation by contracting tensor networks},
  author={Markov, Igor L and Shi, Yaoyun},
  journal={SIAM Journal on Computing},
  volume={38},
  number={3},
  pages={963--981},
  year={2008},
  publisher={SIAM}
}

@inproceedings{google-ibm,
  title={Closing the" quantum supremacy" gap: achieving real-time simulation of a random quantum circuit using a new sunway supercomputer},
  author={Liu, Yong and Liu, Xin and Li, Fang and Fu, Haohuan and Yang, Yuling and Song, Jiawei and Zhao, Pengpeng and Wang, Zhen and Peng, Dajia and Chen, Huarong and others},
  booktitle={Proceedings of the International Conference for High Performance Computing, Networking, Storage and Analysis},
  pages={1--12},
  year={2021}
}

@article{tnml,
  title={Quantum entanglement in deep learning architectures},
  author={Levine, Yoav and Sharir, Or and Cohen, Nadav and Shashua, Amnon},
  journal={Physical review letters},
  volume={122},
  number={6},
  pages={065301},
  year={2019},
  publisher={APS}
}

@article{tnlanguage,
  title={Language design as information renormalization},
  author={Gallego, Angel J and Orus, Roman},
  journal={SN Computer Science},
  volume={3},
  number={2},
  pages={140},
  year={2022},
  publisher={Springer}
}

@article{env-tensor,
  title={Algorithms for entanglement renormalization},
  author={Evenbly, Glen and Vidal, Guifr{\'e}},
  journal={Physical Review B—Condensed Matter and Materials Physics},
  volume={79},
  number={14},
  pages={144108},
  year={2009},
  publisher={APS}
}

@article{hphi,
  title={Quantum lattice model solver H$\Phi$},
  author={Kawamura, Mitsuaki and Yoshimi, Kazuyoshi and Misawa, Takahiro and Yamaji, Youhei and Todo, Synge and Kawashima, Naoki},
  journal={Computer Physics Communications},
  volume={217},
  pages={180--192},
  year={2017},
  publisher={Elsevier}
}

@article{init-strategy0,
  doi = {10.22331/q-2019-12-09-214},
  url = {https://doi.org/10.22331/q-2019-12-09-214},
  title = {An initialization strategy for addressing barren plateaus in parametrized quantum circuits},
  author = {Grant, Edward and Wossnig, Leonard and Ostaszewski, Mateusz and Benedetti, Marcello},
  journal = {{Quantum}},
  issn = {2521-327X},
  publisher = {{Verein zur F{\"{o}}rderung des Open Access Publizierens in den Quantenwissenschaften}},
  volume = {3},
  pages = {214},
  month = dec,
  year = {2019}
}

@article{init-strategy1,
  title={Large gradients via correlation in random parameterized quantum circuits},
  author={Volkoff, Tyler and Coles, Patrick J},
  journal={Quantum Science and Technology},
  volume={6},
  number={2},
  pages={025008},
  year={2021},
  publisher={IOP Publishing}
}

@article{init-strategy2,
  title={Layerwise learning for quantum neural networks},
  author={Skolik, Andrea and McClean, Jarrod R and Mohseni, Masoud and Van Der Smagt, Patrick and Leib, Martin},
  journal={Quantum Machine Intelligence},
  volume={3},
  pages={1--11},
  year={2021},
  publisher={Springer}
}

@article{init-strategy-rnn,
  title={Learning to learn with quantum neural networks via classical neural networks},
  author={Verdon, Guillaume and Broughton, Michael and McClean, Jarrod R and Sung, Kevin J and Babbush, Ryan and Jiang, Zhang and Neven, Hartmut and Mohseni, Masoud},
  journal={arXiv preprint arXiv:1907.05415},
  year={2019}
}

@article{init-strategy-cnn,
  title={Avoiding barren plateaus with classical deep neural networks},
  author={Friedrich, Lucas and Maziero, Jonas},
  journal={Physical Review A},
  volume={106},
  number={4},
  pages={042433},
  year={2022},
  publisher={APS}
}

@article{barren-noise,
  title={Noise-induced barren plateaus in variational quantum algorithms},
  author={Wang, Samson and Fontana, Enrico and Cerezo, Marco and Sharma, Kunal and Sone, Akira and Cincio, Lukasz and Coles, Patrick J},
  journal={Nature communications},
  volume={12},
  number={1},
  pages={6961},
  year={2021},
  publisher={Nature Publishing Group UK London}
}

@article{bitcoin,
  title={Quantum attacks on Bitcoin, and how to protect against them},
  author={Aggarwal, Divesh and Brennen, Gavin K and Lee, Troy and Santha, Miklos and Tomamichel, Marco},
  journal={arXiv preprint arXiv:1710.10377},
  year={2017}
}

@article{born-machine,
  title={A generative modeling approach for benchmarking and training shallow quantum circuits},
  author={Benedetti, Marcello and Garcia-Pintos, Delfina and Perdomo, Oscar and Leyton-Ortega, Vicente and Nam, Yunseong and Perdomo-Ortiz, Alejandro},
  journal={npj Quantum Information},
  volume={5},
  number={1},
  pages={45},
  year={2019},
  publisher={Nature Publishing Group UK London}
}

@article{ansatz-hardware,
  title={Hardware-efficient variational quantum eigensolver for small molecules and quantum magnets},
  author={Kandala, Abhinav and Mezzacapo, Antonio and Temme, Kristan and Takita, Maika and Brink, Markus and Chow, Jerry M and Gambetta, Jay M},
  journal={nature},
  volume={549},
  number={7671},
  pages={242--246},
  year={2017},
  publisher={Nature Publishing Group}
}

@article{ansatz-variable,
  title={An adaptive variational algorithm for exact molecular simulations on a quantum computer},
  author={Grimsley, Harper R and Economou, Sophia E and Barnes, Edwin and Mayhall, Nicholas J},
  journal={Nature communications},
  volume={10},
  number={1},
  pages={3007},
  year={2019},
  publisher={Nature Publishing Group UK London}
}

@article{ansatz-hybrid,
  title={Increasing the representation accuracy of quantum simulations of chemistry without extra quantum resources},
  author={Takeshita, Tyler and Rubin, Nicholas C and Jiang, Zhang and Lee, Eunseok and Babbush, Ryan and McClean, Jarrod R},
  journal={Physical Review X},
  volume={10},
  number={1},
  pages={011004},
  year={2020},
  publisher={APS}
}

@article{ansatz-tensor1,
  title={Quantum simulation with hybrid tensor networks},
  author={Yuan, Xiao and Sun, Jinzhao and Liu, Junyu and Zhao, Qi and Zhou, You},
  journal={Physical Review Letters},
  volume={127},
  number={4},
  pages={040501},
  year={2021},
  publisher={APS}
}

@article{ansatz-tensor2,
  title={Variational quantum eigensolver with fewer qubits},
  author={Liu, Jin-Guo and Zhang, Yi-Hong and Wan, Yuan and Wang, Lei},
  journal={Physical Review Research},
  volume={1},
  number={2},
  pages={023025},
  year={2019},
  publisher={APS}
}

@unpublished{inomata2025,
  author       = {Inomata, Kazuki and Sugawara, Shota and Okubo, Tsuyoshi and Todo, Synge},
  title        = {},
  note         = {In preparation},
  year         = {2025},  % 必要に応じて修正
}
